@article{diggle1984monte,
	title={Monte Carlo methods of inference for implicit statistical models},
	author={Diggle, Peter J and Gratton, Richard J},
	journal={Journal of the Royal Statistical Society Series B: Statistical Methodology},
	volume={46},
	number={2},
	pages={193--212},
	year={1984},
	publisher={Oxford University Press}
}



%%%%%%%%%%%%%%% BOOVAE  %%%%%%%%%%%%%%%
@article{hoffman2016elbo,
  title={Elbo surgery: yet another way to carve up the variational evidence lower bound},
  author={Hoffman, Matthew D and Johnson, Matthew J},
  journal={Advances in Neural Information Processing Systems. Workshop in Advances in Approximate Bayesian Inference},
  year={2016}
}

@article{kingma2014adam,
  title={Adam: A Method for Stochastic Optimization},
  author={Kingma, Diederik P and Ba, Jimmy},
  journal={International Conference on Learning Representations},
  year={2015}
}

@article{shin2017continual,
  title={Continual learning with deep generative replay},
  author={Shin, Hanul and Lee, Jung Kwon and Kim, Jaehong and Kim, Jiwon},
  journal={Advances in Neural Information Processing Systems},
  year={2017}
}

@article{davidson2018hyperspherical,
  title={Hyperspherical variational auto-encoders},
  author={Davidson, Tim R and Falorsi, Luca and De Cao, Nicola and Kipf, Thomas and Tomczak, Jakub M},
  journal={Conference on Uncertainty in Artificial Intelligence},
  year={2018},
}

@article{mathieu2019hierarchical,
  title={Hierarchical Representations with Poincar$\backslash$'e Variational Auto-Encoders},
  author={Mathieu, Emile and Lan, Charline Le and Maddison, Chris J and Tomioka, Ryota and Teh, Yee Whye},
  journal={arXiv preprint arXiv:1901.06033},
  year={2019}
}

@article{rezende2018taming,
  title={Taming VAEs},
  author={Rezende, Danilo Jimenez and Viola, Fabio},
  journal={arXiv preprint arXiv:1810.00597},
  year={2018}
}

@article{higgins2017beta,
  title={beta-vae: Learning basic visual concepts with a constrained variational framework},
  author={Higgins, Irina and Matthey, Loic and Pal, Arka and Burgess, Christopher and Glorot, Xavier and Botvinick, Matthew and Mohamed, Shakir and Lerchner, Alexander},
  journal={International Conference on Learning Representations},
  year={2017}
}

@article{kim2018semi,
  title={Semi-Amortized Variational Autoencoders},
  author={Kim, Yoon and Wiseman, Sam and Miller, Andrew and Sontag, David and Rush, Alexander},
  journal={International Conference on Machine Learning},
  year={2018}
}

@article{goodfellow2014generative,
  title={Generative adversarial nets},
  author={Goodfellow, Ian and Pouget-Abadie, Jean and Mirza, Mehdi and Xu, Bing and Warde-Farley, David and Ozair, Sherjil and Courville, Aaron and Bengio, Yoshua},
  journal={Advances in neural information processing systems},
  year={2014}
}

@article{donahue2016adversarial,
  title={Adversarial feature learning},
  author={Donahue, Jeff and Kr{\"a}henb{\"u}hl, Philipp and Darrell, Trevor},
  journal={arXiv preprint arXiv:1605.09782},
  year={2016}
}

@article{tomczak2018vae,
  title={VAE with a VampPrior},
  author={Tomczak, Jakub and Welling, Max},
  journal={International Conference on Artificial Intelligence and Statistics},
  year={2018}
}

@article{burda2015importance,
  title={Importance weighted autoencoders},
  author={Burda, Yuri and Grosse, Roger and Salakhutdinov, Ruslan},
  journal={arXiv preprint arXiv:1509.00519},
  year={2015}
}

@article{sonderby2016ladder,
  title={Ladder variational autoencoders},
  author={S{\o}nderby, Casper Kaae and Raiko, Tapani and Maal{\o}e, Lars and S{\o}nderby, S{\o}ren Kaae and Winther, Ole},
  journal={Advances in neural information processing systems},
  year={2016}
}

@article{cremer2018inference,
  title={Inference Suboptimality in Variational Autoencoders},
  author={Cremer, Chris and Li, Xuechen and Duvenaud, David},
  journal={International Conference on Machine Learning},
  year={2018}
}

@article{polson2015proximal,
  title={Proximal algorithms in statistics and machine learning},
  author={Polson, Nicholas G and Scott, James G and Willard, Brandon T and others},
  journal={Statistical Science},
  volume={30},
  number={4},
  pages={559--581},
  year={2015},
  publisher={Institute of Mathematical Statistics}
}

@article{goodfellow2013empirical,
  title={An empirical investigation of catastrophic forgetting in gradient-based neural networks},
  author={Goodfellow, Ian J and Mirza, Mehdi and Xiao, Da and Courville, Aaron and Bengio, Yoshua},
  journal={arXiv preprint arXiv:1312.6211},
  year={2013}
}

@article{nguyen2017variational,
  title={Variational Continual Learning},
  author={Nguyen, Cuong V and Li, Yingzhen and Bui, Thang D and Turner, Richard E},
  journal={International Conference on Learning Representations},
  year={2018}
}

@incollection{mccloskey1989catastrophic,
  title={Catastrophic interference in connectionist networks: The sequential learning problem},
  author={McCloskey, Michael and Cohen, Neal J},
  journal={Psychology of learning and motivation},
  volume={24},
  pages={109--165},
  year={1989},
  publisher={Elsevier}
}

@article{kirkpatrick2017overcoming,
  title={Overcoming catastrophic forgetting in neural networks},
  author={Kirkpatrick, James and Pascanu, Razvan and Rabinowitz, Neil and Veness, Joel and Desjardins, Guillaume and Rusu, Andrei A and Milan, Kieran and Quan, John and Ramalho, Tiago and Grabska-Barwinska, Agnieszka and others},
  journal={Proceedings of the national academy of sciences},
  volume={114},
  number={13},
  pages={3521--3526},
  year={2017},
  publisher={National Acad Sciences}
}

@article{liu2018rotate,
  title={Rotate your networks: Better weight consolidation and less catastrophic forgetting},
  author={Liu, Xialei and Masana, Marc and Herranz, Luis and Van de Weijer, Joost and Lopez, Antonio M and Bagdanov, Andrew D},
  journal={International Conference on Pattern Recognition},
  year={2018},
  organization={IEEE}
}

@article{huszar2017quadratic,
  title={On quadratic penalties in elastic weight consolidation},
  author={Husz{\'a}r, Ferenc},
  journal={arXiv preprint arXiv:1712.03847},
  year={2017}
}

@article{rusu2016progressive,
  title={Progressive neural networks},
  author={Rusu, Andrei A and Rabinowitz, Neil C and Desjardins, Guillaume and Soyer, Hubert and Kirkpatrick, James and Kavukcuoglu, Koray and Pascanu, Razvan and Hadsell, Raia},
  journal={arXiv preprint arXiv:1606.04671},
  year={2016}
}

@article{li2018learning,
  title={Learning without forgetting},
  author={Li, Zhizhong and Hoiem, Derek},
  journal={IEEE transactions on pattern analysis and machine intelligence},
  volume={40},
  number={12},
  pages={2935--2947},
  year={2018},
  publisher={IEEE}
}

@article{seff2017continual,
  title={Continual learning in generative adversarial nets},
  author={Seff, Ari and Beatson, Alex and Suo, Daniel and Liu, Han},
  journal={arXiv preprint arXiv:1705.08395},
  year={2017}
}

@article{wu2018incremental,
  title={Incremental classifier learning with generative adversarial networks},
  author={Wu, Yue and Chen, Yinpeng and Wang, Lijuan and Ye, Yuancheng and Liu, Zicheng and Guo, Yandong and Zhang, Zhengyou and Fu, Yun},
  journal={arXiv preprint arXiv:1802.00853},
  year={2018}
}

@article{miller2017variational,
  title={Variational boosting: Iteratively refining posterior approximations},
  author={Miller, Andrew C and Foti, Nicholas J and Adams, Ryan P},
  journal={International Conference on Machine Learning},
  year={2017},
  organization={JMLR. org}
}

@article{guo2016boosting,
  title={Boosting variational inference},
  author={Guo, Fangjian and Wang, Xiangyu and Fan, Kai and Broderick, Tamara and Dunson, David B},
  journal={arXiv preprint arXiv:1611.05559},
  year={2016}
}

@article{gershman2012nonparametric,
  title={Nonparametric variational inference},
  author={Gershman, Samuel J and Hoffman, Matthew D and Blei, David M},
  journal={International Conference on Machine Learning},
  year={2012},
  organization={Omnipress}
}

@article{egorov2019maxentropy,
  title={MaxEntropy Pursuit Variational Inference},
  author={Egorov, Evgenii and Neklydov, Kirill and Kostoev, Ruslan and Burnaev, Evgeny},
  journal={International Symposium on Neural Networks},
  year={2019},
  organization={Springer}
 }

@article{lecun2010mnist,
  title={MNIST handwritten digit database},
  author={LeCun, Yann and Cortes, Corinna and Burges, CJ},
  journal={AT\&T Labs [Online]. Available: http://yann. lecun. com/exdb/mnist},
  volume={2},
  pages={18},
  year={2010}
}

@article{wang2015functional,
  title={Functional Frank-Wolfe boosting for general loss functions},
  author={Wang, Chu and Wang, Yingfei and Schapire, Robert and others},
  journal={arXiv preprint arXiv:1510.02558},
  year={2015}
}

@article{goyal2017nonparametric,
  title={Nonparametric variational auto-encoders for hierarchical representation learning},
  author={Goyal, Prasoon and Hu, Zhiting and Liang, Xiaodan and Wang, Chenyu and Xing, Eric P},
  journal={International Conference on Computer Vision},
  year={2017}
}

@article{wang2018learning,
  title={Learning Priors for Adversarial Autoencoders},
  author={Wang, Hui-Po and Ko, Wei-Jan and Peng, Wen-Hsiao},
  journal={Asia-Pacific Signal and Information Processing Association Annual Summit and Conference},
  year={2018},
  organization={IEEE}
}

@article{xiao2017fashion,
  title={Fashion-mnist: a novel image dataset for benchmarking machine learning algorithms},
  author={Xiao, Han and Rasul, Kashif and Vollgraf, Roland},
  journal={arXiv preprint arXiv:1708.07747},
  year={2017}
}

@article{deng2012mnist,
  title={The MNIST database of handwritten digit images for machine learning research [best of the web]},
  author={Deng, Li},
  journal={IEEE Signal Processing Magazine},
  volume={29},
  number={6},
  pages={141--142},
  year={2012},
  publisher={IEEE}
}

@article{farquhar2019unifying,
  title={A unifying bayesian view of continual learning},
  author={Farquhar, Sebastian and Gal, Yarin},
  journal={arXiv preprint arXiv:1902.06494},
  year={2019}
}

@article{heusel2017gans,
  title={Gans trained by a two time-scale update rule converge to a local nash equilibrium},
  author={Heusel, Martin and Ramsauer, Hubert and Unterthiner, Thomas and Nessler, Bernhard and Hochreiter, Sepp},
  journal={Advances in Neural Information Processing Systems},
  year={2017}
}

@article{paszke2017automatic,
  title={Automatic differentiation in pytorch},
  author={Paszke, Adam and Gross, Sam and Chintala, Soumith and Chanan, Gregory and Yang, Edward and DeVito, Zachary and Lin, Zeming and Desmaison, Alban and Antiga, Luca and Lerer, Adam},
  year={2017},
journal={Advances in Neural Information Processing Systems. Autodiff Workshop},
}

@article{barratt2018note,
  title={A Note on the Inception Score},
  author={Barratt, Shane and Sharma, Rishi},
  journal={arXiv preprint arXiv:1801.01973},
  year={2018}
}

@article{zhai2019lifelong,
  title={Lifelong gan: Continual learning for conditional image generation},
  author={Zhai, Mengyao and Chen, Lei and Tung, Frederick and He, Jiawei and Nawhal, Megha and Mori, Greg},
  journal={International Conference on Computer Vision},
  year={2019}
}


@article{lee2017augmented,
  title={Augmented variational autoencoders for collaborative filtering with auxiliary information},
  author={Lee, Wonsung and Song, Kyungwoo and Moon, Il-Chul},
  journal={ACM on Conference on Information and Knowledge Management},
  year={2017}
}

@article{zhou2020unsupervised,
  title={Unsupervised anomaly localization using VAE and beta-VAE},
  author={Zhou, Leixin and Deng, Wenxiang and Wu, Xiaodong},
  journal={arXiv preprint arXiv:2005.10686},
  year={2020}
}


@article{rao2019continual,
  title={Continual Unsupervised Representation Learning},
  author={Rao, Dushyant and Visin, Francesco and Rusu, Andrei and Pascanu, Razvan and Teh, Yee Whye and Hadsell, Raia},
  journal={Advances in Neural Information Processing Systems},
  year={2019}
}

@article{benjamin2018measuring,
  title={Measuring and regularizing networks in function space},
  author={Benjamin, Ari and Rolnick, David and Kording, Konrad},
  journal={International Conference on Learning Representations},
  year={2018}
}

@article{jordan1999introduction,
  title={An introduction to variational methods for graphical models},
  author={Jordan, Michael I and Ghahramani, Zoubin and Jaakkola, Tommi S and Saul, Lawrence K},
  journal={Machine learning},
  volume={37},
  number={2},
  pages={183--233},
  year={1999},
  publisher={Springer}
}

@article{bachem2015coresets,
  title={Coresets for nonparametric estimation-the case of DP-means},
  author={Bachem, Olivier and Lucic, Mario and Krause, Andreas},
  journal={International Conference on Machine Learning},
  year={2015},
}

@article{huggins2016coresets,
  title={Coresets for scalable bayesian logistic regression},
 author={Huggins, Jonathan and Campbell, Trevor and Broderick, Tamara},
journal={Advances in neural information processing systems},
year={2016}
}

@article{locatello2018boosting,
  title={Boosting variational inference: an optimization perspective},
  author={Locatello, Francesco and Khanna, Rajiv and Ghosh, Joydeep and Ratsch, Gunnar},
  journal={International Conference on Artificial Intelligence and Statistics},
  year={2018},
}

@article{achillelife,
  title={Life-Long Disentangled Representation Learning with Cross-Domain Latent Homologies},
  author={Achille, Alessandro and Eccles, Tom and Matthey, Loic and Burgess, Chris and Watters, Nicholas and Lerchner, Alexander and Higgins, Irina},
  journal={Advances in Neural Information Processing Systems},
  year={2018}
}

@article{lesort2019generative,
  title={Generative models from the perspective of continual learning},
  author={Lesort, Timoth{\'e}e and Caselles-Dupr{\'e}, Hugo and Garcia-Ortiz, Michael and Stoian, Andrei and Filliat, David},
  journal={International Joint Conference on Neural Networks},
  year={2019},
  organization={IEEE}
}

@article{egorov2021boovae,
  title={BooVAE: Boosting approach for continual learning of VAE},
  author={Kuzina, Anna and Egorov, Evgenii and Burnaev, Evgeny},
  journal={Advances in Neural Information Processing Systems},
  year={2021}
}

%%%%%%%%%%%%%%% BOOVAE: END  %%%%%%%%%%%%%%%


%%%%%%%%%%%%%%% EQUIVARIANT VAE: START  %%%%%%%%%%%%%%%


@book{foucart_mathematical_2013,
	address = {New York, NY},
	series = {Applied and {Numerical} {Harmonic} {Analysis}},
	title = {A {Mathematical} {Introduction} to {Compressive} {Sensing}},
	publisher = {Springer New York},
	author = {Foucart, Simon and Rauhut, Holger},
	year = {2013},
}


@article{bendory2017bispectrum,
  title={Bispectrum inversion with application to multireference alignment},
  author={Bendory, Tamir and Boumal, Nicolas and Ma, Chao and Zhao, Zhizhen and Singer, Amit},
  journal={IEEE Transactions on signal processing},
  volume={66},
  number={4},
  pages={1037--1050},
  year={2017},
  publisher={IEEE}
}

@article{davenport2007smashed,
  title={The smashed filter for compressive classification and target recognition},
  author={Davenport, Mark A and Duarte, Marco F and Wakin, Michael B and Laska, Jason N and Takhar, Dharmpal and Kelly, Kevin F and Baraniuk, Richard G},
  journal={Computational Imaging V},
  year={2007},
  organization={International Society for Optics and Photonics}
}

@article{falorsi2018explorations,
  title={Explorations in homeomorphic variational auto-encoding},
  author={Falorsi, Luca and de Haan, Pim and Davidson, Tim R and De Cao, Nicola and Weiler, Maurice and Forr{\'e}, Patrick and Cohen, Taco S},
  journal={International Conference on Machine Learning. Workshop on Theoretical Foundations and Applications of Deep Generative Models},
  year={2018}
}


@article{satorras2021n,
  title={E (n) Equivariant Normalizing Flows},
  author={Satorras, Victor Garcia and Hoogeboom, Emiel and Fuchs, Fabian Bernd and Posner, Ingmar and Welling, Max},
  journal={Advances in Neural Information Processing Systems},
  year={2021}
}

@article{kohler2020equivariant,
  title={Equivariant flows: exact likelihood generative learning for symmetric densities},
  author={K{\"o}hler, Jonas and Klein, Leon and No{\'e}, Frank},
  journal={International Conference on Machine Learning},
  year={2020},
  organization={PMLR}
}

@article{lei_inverting_2019,
	title = {Inverting {Deep} {Generative} models, {One} layer at a time},
	journal = {Advances in {Neural} {Information} {Processing} {Systems}},
	author = {Lei, Qi and Jalal, Ajil and Dhillon, Inderjit S. and Dimakis, Alexandros G.},
	year = {2019},
}

@article{daras_intermediate_2021,
  title={Intermediate Layer Optimization for Inverse Problems using Deep Generative Models},
  author={Daras, Giannis and Dean, Joseph and Jalal, Ajil and Dimakis, Alex},
  journal={International Conference on Machine Learning},
  year={2021},
  organization={PMLR}
}

@article{singer_mathematics_2018,
	title = {Mathematics for cryo-electron microscopy},
	journal = {{International} {Congress} of {Mathematicians}},
	publisher = {World Scientific},
	author = {Singer, Amit},
	year = {2018},
	pages = {3995--4014},
}

@article{candes_stable_2006,
	title = {Stable signal recovery from incomplete and inaccurate measurements},
	volume = {59},
	number = {8},
	urldate = {2022-01-28},
	journal = {Communications on Pure and Applied Mathematics},
	author = {Candès, Emmanuel J. and Romberg, Justin K. and Tao, Terence},
	year = {2006},
	pages = {1207--1223},
}

@article{donoho_compressed_2006,
	title = {Compressed sensing},
	volume = {52},
	number = {4},
	journal = {IEEE Transactions on Information Theory},
	author = {Donoho, D. L.},
	month = apr,
	year = {2006},
    pages = {1289--1306},
}

@article{liu_generalized_2020,
	title = {The {Generalized} {Lasso} with {Nonlinear} {Observations} and {Generative} {Priors}},
	journal = {Advances in {Neural} {Information} {Processing} {Systems}},
	publisher = {Curran Associates, Inc.},
	author = {Liu, Zhaoqiang and Scarlett, Jonathan},
	editor = {Larochelle, H. and Ranzato, M. and Hadsell, R. and Balcan, M. F. and Lin, H.},
	year = {2020},
}

@article{liu_sample_2020,
	series = {Proceedings of {Machine} {Learning} {Research}},
	title = {Sample {Complexity} {Bounds} for 1-bit {Compressive} {Sensing} and {Binary} {Stable} {Embeddings} with {Generative} {Priors}},
	journal = {{International} {Conference} on {Machine} {Learning}},
	publisher = {PMLR},
	author = {Liu, Zhaoqiang and Gomes, Selwyn and Tiwari, Avtansh and Scarlett, Jonathan},
	month = jul,
	year = {2020},
}


@article{Bora2017-as,
  title     = "Compressed Sensing using Generative Models",
  journal = "International Conference on Machine Learning",
  author    = "Bora, Ashish and Jalal, Ajil and Price, Eric and Dimakis,
               Alexandros G",
  year      =  2017,
  keywords  = "GenCS"
}

@book{serre1977linear,
  title={Linear representations of finite groups},
  author={Serre, Jean-Pierre},
  year={1977},
  publisher={Springer}
}

@ARTICLE{Bepler2019-qi,
  title         = "Explicitly disentangling image content from translation and
                   rotation with {spatial-VAE}",
  author        = "Bepler, Tristan and Zhong, Ellen D and Kelley, Kotaro and
                   Brignole, Edward and Berger, Bonnie",
  year          =  2019,
  journal       = "Advances in Neural Information Processing Systems",
}

@article{Kobler2020-dq,
  title           = "Total Deep Variation for Linear Inverse Problems",
  journal       = "Conference on Computer Vision and Pattern
                     Recognition",
  author          = "Kobler, Erich and Effland, Alexander and Kunisch, Karl and
                     Pock, Thomas",
  publisher       = "IEEE",
  month           =  jun,
  year            =  2020,
  keywords        = "Optimal control;Convolution;Training;Inverse problems;Task
                     analysis;Kernel;Imaging;GenCS",
}

@ARTICLE{Karras2021-yx,
  title={Alias-free generative adversarial networks},
author={Karras, Tero and Aittala, Miika and Laine, Samuli and H{\"a}rk{\"o}nen, Erik and Hellsten, Janne and Lehtinen, Jaakko and Aila, Timo},
journal={Advances in neural information processing systems},
year={2021}
}

@article{Whang2021-if,
  title     = "Composing Normalizing Flows for Inverse Problems",
  journal = "International Conference on Machine
               Learning",
  author    = "Whang, Jay and Lindgren, Erik and Dimakis, Alex",
  publisher = "PMLR",
  series    = "Proceedings of Machine Learning Research",
  year      =  2021,
  keywords  = "GenCS"
}

% The entry below contains non-ASCII chars that could not be converted
% to a LaTeX equivalent.
@UNPUBLISHED{Whang2020-me,
  title    = "Compressed Sensing with Invertible Generative Models and
              Dependent Noise",
  author   = "Whang, Jay and Lei, Qi and Dimakis, Alex",
  journal  = "2020 Workshop on Deep Learning and …",
  month    =  oct,
  year     =  2020,
  keywords = "GenCS"
}

@article{Whang2021-fj,
  title     = "Solving Inverse Problems with a Flow-based Noise Model",
  journal = "International Conference on Machine
               Learning",
  author    = "Whang, Jay and Lei, Qi and Dimakis, Alex",
  publisher = "PMLR",
  series    = "Proceedings of Machine Learning Research",
  year      =  2021,
  keywords  = "GenCS"
}

@ARTICLE{Jalal2021-jt,
  title    = "Robust Compressed Sensing {MRI} with Deep Generative Priors",
  author   = "Jalal, Ajil and Arvinte, Marius and Daras, Giannis and Price,
              Eric and Dimakis, Alexandros G and Tamir, Jonathan I",
  journal  = "arXiv e-prints",
  pages    = "arXiv:2108.01368",
  month    =  aug,
  year     =  2021,
  keywords = "Computer Science - Machine Learning; Computer Science - Computer;
              Vision and Pattern Recognition; Computer Science - Information
              Theory;; Statistics - Machine Learning; ;GenCS"
}


@ARTICLE{Mardani2019-ss,
  title     = "Deep Generative Adversarial Neural Networks for Compressive
               Sensing {MRI}",
  author    = "Mardani, Morteza and Gong, Enhao and Cheng, Joseph Y and
               Vasanawala, Shreyas S and Zaharchuk, Greg and Xing, Lei and
               Pauly, John M",
  journal   = "IEEE Trans. Med. Imaging",
  publisher = "ieeexplore.ieee.org",
  volume    =  38,
  number    =  1,
  pages     = "167--179",
  month     =  jan,
  year      =  2019,
  keywords  = "GenCS",
  language  = "en"
}


@ARTICLE{Asim2019-lv,
  title         = "Invertible generative models for inverse problems:
                   mitigating representation error and dataset bias",
  author        = "Asim, Muhammad and Daniels, Max and Leong, Oscar and Ahmed,
                   Ali and Hand, Paul",
  year          =  2020,
  journal       =  "International Conference on Machine Learning",
}


@ARTICLE{Hussein2020-yk,
  title    = "{Image-Adaptive} {GAN} Based Reconstruction",
  author   = "Hussein, Shady Abu and Tirer, Tom and Giryes, Raja",
  journal  = "AAAI Conference",
  month    =  apr,
  year     =  2020,
  language = "en"
}


@article{chen2008prior,
  title={Prior image constrained compressed sensing (PICCS): a method to accurately reconstruct dynamic CT images from highly undersampled projection data sets},
  author={Chen, Guang-Hong and Tang, Jie and Leng, Shuai},
  journal={Medical physics},
  volume={35},
  number={2},
  pages={660--663},
  year={2008},
  publisher={Wiley Online Library}
}

@article{lustig2007sparse,
  title={Sparse MRI: The application of compressed sensing for rapid MR imaging},
  author={Lustig, Michael and Donoho, David and Pauly, John M},
  journal={Magnetic Resonance in Medicine: An Official Journal of the International Society for Magnetic Resonance in Medicine},
  volume={58},
  number={6},
  pages={1182--1195},
  year={2007},
  publisher={Wiley Online Library}
}

@article{paredes2007ultra,
  title={Ultra-wideband compressed sensing: Channel estimation},
  author={Paredes, Jose L and Arce, Gonzalo R and Wang, Zhongmin},
  journal={IEEE Journal of Selected Topics in Signal Processing},
  volume={1},
  number={3},
  pages={383--395},
  year={2007},
  publisher={IEEE}
}

@article{duarte2008single,
  title={Single-pixel imaging via compressive sampling},
  author={Duarte, Marco F and Davenport, Mark A and Takhar, Dharmpal and Laska, Jason N and Sun, Ting and Kelly, Kevin F and Baraniuk, Richard G},
  journal={IEEE signal processing magazine},
  volume={25},
  number={2},
  pages={83--91},
  year={2008},
  publisher={IEEE}
}


@article{cohen2016group,
  title={Group equivariant convolutional networks},
  author={Cohen, Taco and Welling, Max},
  journal={International Conference on Machine Learning},
  year={2016},
  organization={PMLR}
}


@article{cohen_steerable_2016,
	title = {Steerable {CNNs}},
	author = {Cohen, Taco S. and Welling, Max},
	journal = {International Conference on Learning Representations},
	year = {2017},
}

@article{Kondor2018-GENERAL,
  title={On the generalization of equivariance and convolution in neural networks to the action of compact groups},
  author={Kondor, Risi and Trivedi, Shubhendu},
  journal = {International Conference on Machine Learning},
  year={2018}
}

@article{e2cnn,
    title={{General E(2)-Equivariant Steerable CNNs}},
    author={Weiler, Maurice and Cesa, Gabriele},
    journal={Advances in Neural Information Processing Systems},
    year={2019},
}

@article{cesa2022a,
title={A Program to Build E(N)-Equivariant Steerable {CNN}s },
author={Gabriele Cesa and Leon Lang and Maurice Weiler},
journal={International Conference on Learning Representations},
year={2022},
}

@article{tibshirani1996regression,
  title={Regression shrinkage and selection via the lasso},
  author={Tibshirani, Robert},
  journal={Journal of the Royal Statistical Society: Series B (Methodological)},
  volume={58},
  number={1},
  pages={267--288},
  year={1996},
  publisher={Wiley Online Library}
}

@article{moen2021low,
  title={Low-dose CT image and projection dataset},
  author={Moen, Taylor R and Chen, Baiyu and Holmes III, David R and Duan, Xinhui and Yu, Zhicong and Yu, Lifeng and Leng, Shuai and Fletcher, Joel G and McCollough, Cynthia H},
  journal={Medical physics},
  volume={48},
  number={2},
  pages={902--911},
  year={2021},
  publisher={Wiley Online Library}
}

@article{kuzina2022equivariant,
  title={Equivariant priors for compressed sensing with unknown orientation},
  author={Kuzina, Anna and Pratik, Kumar and Massoli, Fabio Valerio and Behboodi, Arash},
  journal={International Conference on Machine Learning},
  year={2022},
  organization={PMLR}
}

%%%%%%%%%%%%%%% EQUIVARIANT VAE: END  %%%%%%%%%%%%%%%


%%%%%%%%%%%%%% ADVERSARIAL ATTACKS: START %%%%%%%%%%%%%

@article{athalye2018obfuscated,
  title={Obfuscated gradients give a false sense of security: Circumventing defenses to adversarial examples},
  author={Athalye, Anish and Carlini, Nicholas and Wagner, David},
  journal={International conference on machine learning},
  year={2018},
}

@article{auzina2021approximate,
  title={Approximate bayesian computation for discrete spaces},
  author={Auzina, Ilze A and Tomczak, Jakub M},
  journal={Entropy},
  volume={23},
  number={3},
  pages={312},
  year={2021},
  publisher={MDPI}
}

@article{tramer2020adaptive,
  title={On adaptive attacks to adversarial example defenses},
  author={Tramer, Florian and Carlini, Nicholas and Brendel, Wieland and Madry, Aleksander},
  journal={Advances in Neural Information Processing Systems},
  year={2020}
}



@article{chen2018isolating,
  title={Isolating sources of disentanglement in variational autoencoders},
  author={Chen, Ricky TQ and Li, Xuechen and Grosse, Roger B and Duvenaud, David K},
  journal={Advances in neural information processing systems},
  volume={31},
  year={2018}
}


@article{higgins2016beta,
  title={beta-vae: Learning basic visual concepts with a constrained variational framework},
  author={Higgins, Irina and Matthey, Loic and Pal, Arka and Burgess, Christopher and Glorot, Xavier and Botvinick, Matthew and Mohamed, Shakir and Lerchner, Alexander},
  year={2017},
  journal={International Conference on Learning Representations}
}


@article{camuto2021towards,
  title={Towards a theoretical understanding of the robustness of variational autoencoders},
  author={Camuto, Alexander and Willetts, Matthew and Roberts, Stephen and Holmes, Chris and Rainforth, Tom},
  journal={International Conference on Artificial Intelligence and Statistics},
  year={2021},
}


@article{barrett2021certifiably,
  title={Certifiably robust variational autoencoders},
  author={Barrett, Ben and Camuto, Alexander and Willetts, Matthew and Rainforth, Tom},
  journal={International Conference on Artificial Intelligence and Statistics},
  year={2022},
}



@ARTICLE{Cemgil2019-vn,
  title     = "Adversarially robust representations with smooth encoders",
  journal = "International Conference on Learning Representations",
author= "Cemgil, Taylan and Ghaisas, Sumedh and Dvijotham, Krishnamurthy Dj and Kohli, Pushmeet",
  year      =  2019,
  keywords  = "VAE"
}

@ARTICLE{Gondim-Ribeiro2018-cu,
  title         = "Adversarial Attacks on Variational Autoencoders",
  author        = "Gondim-Ribeiro, George and Tabacof, Pedro and Valle, Eduardo",
  month         =  jun,
  year          =  2018,
  keywords      = "VAE",
  archivePrefix = "arXiv",
  primaryClass  = "cs.CV",
  eprint        = "1806.04646",
  journal = {ArXiv Preprint}
}

@article{an2015variational,
  title={Variational autoencoder based anomaly detection using reconstruction probability},
  author={An, Jinwon and Cho, Sungzoon},
  journal={Special Lecture on IE},
  volume={2},
  number={1},
  pages={1--18},
  year={2015}
}

@article{liu2015faceattributes,
 title = {Deep Learning Face Attributes in the Wild},
 author = {Liu, Ziwei and Luo, Ping and Wang, Xiaogang and Tang, Xiaoou},
 journal = {International Conference on Computer Vision},
 year = {2015} 
}

@article{balle2018variational,
  title={Variational image compression with a scale hyperprior},
  author={Ball{\'e}, Johannes and Minnen, David and Singh, Saurabh and Hwang, Sung Jin and Johnston, Nick},
  journal={International Conference on Learning Representations},
  year={2018}
}

@article{Rao2019-xw,
  title           = "Continual Unsupervised Representation Learning",
  journal       = "Advances in Neural Information Processing Systems",
  author          = "Rao, Dushyant and Visin, Francesco and Rusu, Andrei A and
                     Teh, Yee Whye and Pascanu, Razvan and Hadsell, Raia",
  month           =  oct,
  year            =  2019,
  keywords        = "VAE;\_Continual Learning",
}

@ARTICLE{Ramapuram2020-rq,
  title    = "Lifelong generative modeling",
  author   = "Ramapuram, Jason and Gregorova, Magda and Kalousis, Alexandros",
  journal  = "Neurocomputing",
  volume   =  404,
  pages    = "381--400",
  month    =  sep,
  year     =  2020,
  keywords = "Lifelong learning; Continual learning; Variational inference;
              Generative modeling;VAE;\_Continual Learning"
}



@article{Willetts2019-mu,
  title={Improving {VAEs'} Robustness to Adversarial Attack},
  author={Willetts, Matthew and Camuto, Alexander and Rainforth, Tom
                   and Roberts, Stephen and Holmes, Chris},
  journal={International Conference on Learning Representations},
  year={2021}
}


@ARTICLE{Makhzani2015-ez,
  title         = "Adversarial Autoencoders",
  author        = "Makhzani, Alireza and Shlens, Jonathon and Jaitly, Navdeep
                   and Goodfellow, Ian and Frey, Brendan",
  month         =  nov,
  year          =  2015,
  keywords      = "VAE",
  archivePrefix = "arXiv",
  primaryClass  = "cs.LG",
  eprint        = "1511.05644"
}

@ARTICLE{Van_den_Oord2018-xv,
  title         = "Representation Learning with Contrastive Predictive Coding",
  author        = "van den Oord, Aaron and Li, Yazhe and Vinyals, Oriol",
  month         =  jul,
  year          =  2018,
  keywords      = "VAE",
  archivePrefix = "arXiv",
  primaryClass  = "cs.LG",
  eprint        = "1807.03748"
}

@ARTICLE{Davidson2018-yp,
  title         = "Hyperspherical Variational {Auto-Encoders}",
  author        = "Davidson, Tim R and Falorsi, Luca and De Cao, Nicola and
                   Kipf, Thomas and Tomczak, Jakub M",
  month         =  apr,
  year          =  2018,
  keywords      = "VAE",
  archivePrefix = "arXiv",
  primaryClass  = "stat.ML",
  eprint        = "1804.00891"
}

@ARTICLE{Tolstikhin2017-yd,
  title         = "Wasserstein {Auto-Encoders}",
  author        = "Tolstikhin, Ilya and Bousquet, Olivier and Gelly, Sylvain
                   and Schoelkopf, Bernhard",
  month         =  nov,
  year          =  2017,
  keywords      = "VAE",
  archivePrefix = "arXiv",
  primaryClass  = "stat.ML",
  eprint        = "1711.01558"
}

@ARTICLE{Patrini2018-qz,
  title         = "Sinkhorn {AutoEncoders}",
  author        = "Patrini, Giorgio and van den Berg, Rianne and Forr{\'e},
                   Patrick and Carioni, Marcello and Bhargav, Samarth and
                   Welling, Max and Genewein, Tim and Nielsen, Frank",
  month         =  oct,
  year          =  2018,
  keywords      = "VAE",
  archivePrefix = "arXiv",
  primaryClass  = "cs.LG",
  eprint        = "1810.01118"
}


@ARTICLE{Gatopoulos2020-lk,
  title         = "Super-resolution Variational {Auto-Encoders}",
  author        = "Gatopoulos, Ioannis and Stol, Maarten and Tomczak, Jakub M",
  month         =  jun,
  year          =  2020,
  keywords      = "VAE",
  archivePrefix = "arXiv",
  primaryClass  = "cs.LG",
  eprint        = "2006.05218"
}

@article{Arvanitidis2018-ka,
  title           = "Latent Space Oddity: on the Curvature of Deep Generative
                     Models",
  journal       = "International Conference on Learning Representations",
  author          = "Arvanitidis, Georgios and Hansen, Lars Kai and Hauberg,
                     S{\o}ren",
  year            =  2018,
  keywords        = "VAE",
  conference      = "International Conference on Learning Representations"
}

@article{So_nderby2016-en,
  title     = "Ladder Variational Autoencoders",
  journal = "Advances in Neural Information Processing Systems",
  author    = "S{\o}nderby, Casper Kaae and Raiko, Tapani and Maal{\o} e, Lars and S{\o} nderby, S{\o} Ren Kaae and Winther, Ole",

  year      =  2016,
  keywords  = "VAE"
}


@ARTICLE{Li2019-nz,
  title         = "To Relieve Your Headache of Training an {MRF}, Take {AdVIL}",
  author        = "Li, Chongxuan and Du, Chao and Xu, Kun and Welling, Max and
                   Zhu, Jun and Zhang, Bo",
  month         =  jan,
  year          =  2019,
  keywords      = "VAE",
  archivePrefix = "arXiv",
  primaryClass  = "cs.LG",
  eprint        = "1901.08400"
}

@MISC{Karlova_undated-au,
  title        = "Robustness of latent representations of variational
                  autoencoders",
  author       = "Karlova, Andrea",
  howpublished = "\url{http://www.gatsby.ucl.ac.uk/~balaji/udl2020/accepted-papers/UDL2020-paper-120.pdf}",
  note         = "Accessed: 2021-2-10",
  keywords     = "VAE"
}

@ARTICLE{Nielsen2020-sf,
  title         = "{SurVAE} Flows: Surjections to Bridge the Gap between {VAEs}
                   and Flows",
  author        = "Nielsen, Didrik and Jaini, Priyank and Hoogeboom, Emiel and
                   Winther, Ole and Welling, Max",
  month         =  jul,
  year          =  2020,
  keywords      = "VAE",
  archivePrefix = "arXiv",
  primaryClass  = "cs.LG",
  eprint        = "2007.02731"
}

@article{Child2020-ze,
  title    = "Very Deep {VAEs} Generalize Autoregressive Models and Can
              Outperform Them on Images",
  author   = "Child, Rewon",
  journal       = "International Conference on Learning Representations",
  year     =  2021,
  keywords = "VAE",
  conference = "International Conference on Learning Representations",
}

@ARTICLE{Gatopoulos2020-xn,
  title         = "{Self-Supervised} Variational {Auto-Encoders}",
  author        = "Gatopoulos, Ioannis and Tomczak, Jakub M",
  month         =  oct,
  year          =  2020,
  keywords      = "VAE",
  archivePrefix = "arXiv",
  primaryClass  = "stat.ML",
  eprint        = "2010.02014"
}

@ARTICLE{Shi2019-ug,
  title    = "Fixing gaussian mixture vaes for interpretable text generation",
  author   = "Shi, Wenxian and Zhou, Hao and Miao, Ning and Zhao, Shenjian and
              Li, Lei",
  journal  = "International Conference on Machine Learning",
  year     =  2019,
  keywords = "GM-VAE;interpretable latent space;mode collapse;VAE/Texts"
}

@ARTICLE{Bowman2015-ls,
  title    = "Generating sentences from a continuous space",
  author   = "Bowman, Samuel R and Vilnis, Luke and Vinyals, Oriol and Dai,
              Andrew M and Jozefowicz, Rafal and Bengio, Samy",
  journal  = "arXiv preprint arXiv:1511.06349",
  year     =  2015,
  keywords = "architecture;text generation;VAE/Texts"
}

@article{Hu2017-or,
  title     = "Toward controlled generation of text",
  journal = "International Conference on Machine",
  author    = "Hu, Zhiting and Yang, Zichao and Liang, Xiaodan and
               Salakhutdinov, Ruslan and Xing, Eric P",
  year      =  2017,
  keywords  = "disentangled representation;interpretable latent space;VAE/Texts"
}

@PHDTHESIS{Fang2020-vd,
  title    = "Towards Effective and Controllable Neural Text Generation",
  author   = "Fang, Le",
  year     =  2020,
  school   = "State University of New York at Buffalo",
  keywords = "VAE/Texts"
}

@article{Bao2019-ep,
  title     = "Generating Sentences from Disentangled Syntactic and Semantic
               Spaces",
  journal = "57th Annual Meeting of the Association for  Computational Linguistics",
  author    = "Bao, Yu and Zhou, Hao and Huang, Shujian and Li, Lei and Mou,
               Lili and Vechtomova, Olga and Dai, Xinyu and Chen, Jiajun",
  year      =  2019,
  keywords  = "code;disentangled representation;interpretable latent
               space;metric;VAE/Texts"
}

@article{Yang2017-wg,
  title     = "Improved variational autoencoders for text modeling using
               dilated convolutions",
  journal = "International Conference on Machine
               {Learning-Volume}",
  author    = "Yang, Zichao and Hu, Zhiting and Salakhutdinov, Ruslan and
               Berg-Kirkpatrick, Taylor",
  year      =  2017,
  keywords  = "architecture;text generation;VAE/Texts"
}

@ARTICLE{Zhao2020-uw,
  title    = "Discretized Bottleneck in {VAE}: {Posterior-Collapse-Free}
              {Sequence-to-Sequence} Learning",
  author   = "Zhao, Yang and Yu, Ping and Mahapatra, Suchismit and Su, Qinliang
              and Chen, Changyou",
  journal  = "arXiv preprint arXiv:2004.10603",
  year     =  2020,
  keywords = "posterior collapse;text generation;VAE/Texts"
}

@article{He2019-zo,
  title     = "Lagging Inference Networks and Posterior Collapse in Variational
               Autoencoders",
  journal = "International Conference on Learning Representations",
  author    = "He, Junxian and Spokoyny, Daniel and Neubig, Graham and
               Berg-Kirkpatrick, Taylor",
  year      =  2019,
  keywords  = "posterior collapse;text generation;VAE/Texts"
}

@ARTICLE{Kim2018-or,
  title    = "Semi-amortized variational autoencoders",
  author   = "Kim, Yoon and Wiseman, Sam and Miller, Andrew C and Sontag, David
              and Rush, Alexander M",
  journal  = "International Conference on Machine Learning",
  year     =  2018,
  keywords = "posterior collapse;text generation;VAE/Texts"
}

@article{Zhao2018-ne,
  title     = "Unsupervised Discrete Sentence Representation Learning for
               Interpretable Neural Dialog Generation",
  journal = "Annual Meeting of the Association for Computational Linguistics",
  author    = "Zhao, Tiancheng and Lee, Kyusong and Eskenazi, Maxine",
  year      =  2018,
  keywords  = "interpretable latent space;mode collapse;VAE/Texts"
}

@ARTICLE{Wang2019-rn,
  title    = "Topic-guided variational autoencoders for text generation",
  author   = "Wang, Wenlin and Gan, Zhe and Xu, Hongteng and Zhang, Ruiyi and
              Wang, Guoyin and Shen, Dinghan and Chen, Changyou and Carin,
              Lawrence",
  journal  = "arXiv preprint arXiv:1903.07137",
  year     =  2019,
  keywords = "GM-VAE;interpretable latent space;VAE/Texts"
}

@ARTICLE{Rybkin2020-je,
  title         = "Simple and Effective {VAE} Training with Calibrated Decoders",
  author        = "Rybkin, Oleh and Daniilidis, Kostas and Levine, Sergey",
  year          =  2021,
  keywords      = "VAE",
  journal       = "International Conference on Machine Learning",
  
}

@article{Kingma2016-lz,
  title     = "Improved variational inference with inverse autoregressive flow",
  journal = "Advances in neural information processing systems",
  author    = "Kingma, Durk P and Salimans, Tim and Jozefowicz, Rafal and Chen,
               Xi and Sutskever, Ilya and Welling, Max",
  pages     = "4743--4751",
  year      =  2016,
  keywords  = "VAE"
}

@INCOLLECTION{Kuznetsov2019-se,
  title     = "A Prior of a Googol Gaussians: a Tensor Ring Induced Prior for Generative Models",
  journal = "Advances in Neural Information Processing Systems 32",
  author    = "Kuznetsov, Maxim and Polykovskiy, Daniil and Vetrov, Dmitry P
               and Zhebrak, Alex",
  year      =  2019,
  keywords  = "VAE"
}

@ARTICLE{Aneja2020-ht,
  title         = "{NCP-VAE}: Variational Autoencoders with Noise Contrastive
                   Priors",
  author        = "Aneja, Jyoti and Schwing, Alexander and Kautz, Jan and
                   Vahdat, Arash",
  month         =  oct,
  year          =  2020,
  keywords      = "VAE",
  archivePrefix = "arXiv",
  primaryClass  = "cs.LG",
  eprint        = "2010.02917"
}

@article{Ilse2020-dy,
  title     = "{DIVA}: Domain Invariant Variational Autoencoders",
  journal = "Conference on Medical Imaging with Deep Learning",
  author    = "Ilse, Maximilian and Tomczak, Jakub M and Louizos, Christos and Welling, Max",
  publisher = "PMLR",
  series    = "Proceedings of Machine Learning Research",
  year      =  2020,
  address   = "Montreal, QC, Canada",
  keywords  = "VAE",
  language  = "en"
}

@article{wang2003multiscale,
  title={Multiscale structural similarity for image quality assessment},
  author={Wang, Zhou and Simoncelli, Eero P and Bovik, Alan C},
  journal={Asilomar Conference on Signals, Systems \& Computers},
  year={2003},
  organization={Ieee}
}

@article{rezende2014stochastic,
  title={Stochastic backpropagation and approximate inference in deep generative models},
  author={Rezende, Danilo Jimenez and Mohamed, Shakir and Wierstra, Daan},
  journal={International Conference on Machine Learning},
  year={2014},
  organization={PMLR}
}

@article{goodfellow2014explaining,
  title={Explaining and harnessing adversarial examples},
  author={Goodfellow, Ian J and Shlens, Jonathon and Szegedy, Christian},
  journal={International Conference on Learning Representations},
  year={2015}
}

@article{duane1987hybrid,
  title={Hybrid monte carlo},
  author={Duane, Simon and Kennedy, Anthony D and Pendleton, Brian J and Roweth, Duncan},
  journal={Physics letters B},
  volume={195},
  number={2},
  pages={216--222},
  year={1987},
  publisher={Elsevier}
}

@article{betancourt2017conceptual,
  title={A conceptual introduction to Hamiltonian Monte Carlo},
  author={Betancourt, Michael},
  journal={arXiv preprint arXiv:1701.02434},
  year={2017}
}

@article{habibian2019video,
  title={Video compression with rate-distortion autoencoders},
  author={Habibian, Amirhossein and Rozendaal, Ties van and Tomczak, Jakub M and Cohen, Taco S},
  journal={International Conference on Computer Vision},
  year={2019}
}

@article{cemgil2020autoencoding,
  title={The Autoencoding Variational Autoencoder},
  author={Cemgil, Taylan and Ghaisas, Sumedh and Dvijotham, Krishnamurthy and Gowal, Sven and Kohli, Pushmeet},
  journal={Advances in Neural Information Processing Systems},
  year={2020}
}

@article{kuzina2021adv,
  title={Diagnosing Vulnerability of Variational Auto-Encoders to Adversarial Attacks},
  author={Kuzina, Anna and Welling, Max and Tomczak, Jakub M},
  journal={International Conference on Learning Representations, RobustML workshop},
  year={2021}
}

@article{kim2018disentangling,
  title={Disentangling by factorising},
  author={Kim, Hyunjik and Mnih, Andriy},
  journal={International Conference on Machine Learning},
  year={2018},
  organization={PMLR}
}

@article{ruiz2019contrastive,
  title={A contrastive divergence for combining variational inference and mcmc},
  author={Ruiz, Francisco and Titsias, Michalis},
  journal={International Conference on Machine Learning},
  year={2019},
  organization={PMLR}
}

@article{higgins2017darla,
  title={Darla: Improving zero-shot transfer in reinforcement learning},
  author={Higgins, Irina and Pal, Arka and Rusu, Andrei and Matthey, Loic and Burgess, Christopher and Pritzel, Alexander and Botvinick, Matthew and Blundell, Charles and Lerchner, Alexander},
  journal={International Conference on Machine Learning},
  year={2017},
  organization={PMLR}
}


@article{bengio2013representation,
  title={Representation learning: A review and new perspectives},
  author={Bengio, Yoshua and Courville, Aaron and Vincent, Pascal},
  journal={IEEE transactions on pattern analysis and machine intelligence},
  volume={35},
  number={8},
  pages={1798--1828},
  year={2013},
  publisher={IEEE}
}

@article{salimans2015markov,
  title={Markov chain monte carlo and variational inference: Bridging the gap},
  author={Salimans, Tim and Kingma, Diederik and Welling, Max},
  journal={International Conference on Machine Learning},
  year={2015},
  organization={PMLR}
}

@article{andrieu2003introduction,
  title={An introduction to MCMC for machine learning},
  author={Andrieu, Christophe and De Freitas, Nando and Doucet, Arnaud and Jordan, Michael I},
  journal={Machine learning},
  volume={50},
  number={1},
  pages={5--43},
  year={2003},
  publisher={Springer}
}

@article{neal2011mcmc,
  title={MCMC using Hamiltonian dynamics},
  author={Neal, Radford M and others},
  journal={Handbook of markov chain monte carlo},
  volume={2},
  number={11},
  pages={2},
  year={2011},
  publisher={Chapman and Hall/CRC}
}

@article{van2017neural,
  title={Neural discrete representation learning},
  author={Van Den Oord, Aaron and Vinyals, Oriol and others},
  journal={Advances in neural information processing systems},
  year={2017}
}

@article{nishimura2020discontinuous,
  title={Discontinuous Hamiltonian Monte Carlo for discrete parameters and discontinuous likelihoods},
  author={Nishimura, Akihiko and Dunson, David B and Lu, Jianfeng},
  journal={Biometrika},
  volume={107},
  number={2},
  pages={365--380},
  year={2020},
  publisher={Oxford University Press}
}

@article{izmailov2021bayesian,
  title={What are Bayesian neural network posteriors really like?},
  author={Izmailov, Pavel and Vikram, Sharad and Hoffman, Matthew D and Wilson, Andrew Gordon Gordon},
  journal={International Conference on Machine Learning},
  year={2021},
  organization={PMLR}
}

@article{zhang2022langevin,
  title={A Langevin-like Sampler for Discrete Distributions},
  author={Zhang, Ruqi and Liu, Xingchao and Liu, Qiang},
  journal={International Conference on Machine Learning},
  year={2022},
  organization={PMLR}
}

@article{caterini2018hamiltonian,
  title={Hamiltonian variational auto-encoder},
  author={Caterini, Anthony L and Doucet, Arnaud and Sejdinovic, Dino},
  journal={Advances in Neural Information Processing Systems},
  year={2018}
}

@article{wolf2016variational,
  title={Variational inference with hamiltonian monte carlo},
  author={Wolf, Christopher and Karl, Maximilian and van der Smagt, Patrick},
  journal={arXiv preprint arXiv:1609.08203},
  year={2016}
}

@article{hoffman2017learning,
  title={Learning deep latent Gaussian models with Markov chain Monte Carlo},
  author={Hoffman, Matthew D},
  journal={International Conference on Machine Learning},
  year={2017},
  organization={PMLR}
}

@article{kuzina2022alleviating,
  title={Alleviating adversarial attacks on variational autoencoders with mcmc},
  author={Kuzina, Anna and Welling, Max and Tomczak, Jakub},
  journal={Advances in Neural Information Processing Systems},
  year={2022}
}

%%%%%%%%%%%%%% ADVERSARIAL ATTACKS: END %%%%%%%%%%%%%

%%%%%%%%%%%%% DAED: start %%%%%%%%%%%%%%%%%%%%%%%%%%%
% ===A===
@article{alain2014regularized,
  title={What regularized auto-encoders learn from the data-generating distribution},
  author={Alain, Guillaume and Bengio, Yoshua},
  journal={The Journal of Machine Learning Research},
  volume={15},
  number={1},
  pages={3563--3593},
  year={2014},
  publisher={JMLR. org}
}

% ===B===
@article{bengio2013generalized,
  title={Generalized denoising auto-encoders as generative models},
  author={Bengio, Yoshua and Yao, Li and Alain, Guillaume and Vincent, Pascal},
  journal={Advances in neural information processing systems},
  year={2013}
}

@article{benny2022dynamic,
  title={Dynamic Dual-Output Diffusion Models},
  author={Benny, Yaniv and Wolf, Lior},
  journal={Conference on Computer Vision and Pattern Recognition},
  year={2022}
}

% ===C===
@article{chen2014marginalized,
  title={Marginalized denoising auto-encoders for nonlinear representations},
  author={Chen, Minmin and Weinberger, Kilian and Sha, Fei and Bengio, Yoshua},
  journal={International Conference on Machine Learning},
  year={2014},
}


% ===D===
@article{dhariwal2021diffusion,
  title={Diffusion models beat {GANs} on image synthesis},
  author={Dhariwal, Prafulla and Nichol, Alexander},
  journal={Advances in Neural Information Processing Systems},
  volume={34},
  year={2021}
}
% ===E===
% ===F===
% ===G===
% ===H===

@article{hinton2012improving,
  title={Improving neural networks by preventing co-adaptation of feature detectors},
  author={Hinton, Geoffrey E and Srivastava, Nitish and Krizhevsky, Alex and Sutskever, Ilya and Salakhutdinov, Ruslan R},
  journal={arXiv preprint arXiv:1207.0580},
  year={2012}
}

@article{ho2020denoising,
  title={Denoising diffusion probabilistic models},
  author={Ho, Jonathan and Jain, Ajay and Abbeel, Pieter},
  journal={Advances in Neural Information Processing Systems},
  year={2020}
}

@article{ho2022cascaded,
  title={Cascaded diffusion models for high fidelity image generation},
  author={Ho, Jonathan and Saharia, Chitwan and Chan, William and Fleet, David J and Norouzi, Mohammad and Salimans, Tim},
  journal={Journal of Machine Learning Research},
  volume={23},
  number={47},
  pages={1--33},
  year={2022}
}

@article{huang2021variational,
  title={A variational perspective on diffusion-based generative models and score matching},
  author={Huang, Chin-Wei and Lim, Jae Hyun and Courville, Aaron C},
  journal={Advances in Neural Information Processing Systems},
  year={2021}
}
% ===I===
% ===J===
% ===K===
@article{kingma2014autoencoding,
  title = {Auto-{E}ncoding {V}ariational {B}ayes},
  author = {Kingma, Diederik P. and Welling, Max},
  journal = {International Conference on Learning Representations},
  year = {2014}
}

@article{kingma2021variational,
  title={Variational Diffusion Models},
  author={Kingma, Diederik P and Salimans, Tim and Poole, Ben and Ho, Jonathan},
  journal={Advances in Neural Information Processing Systems},
  year={2021}
}
  
@Techreport{Krizhevsky09learningmultiple,
  title={Learning multiple layers of features from tiny images},
  author = {Krizhevsky, Alex and Hinton, Geoffrey},
 publisher = {Technical report, University of Toronto},
 year = {2009},
institution = {University of Toronto},
}

% ===L===

@article{loshchilov2017decoupled,
  title={Decoupled weight decay regularization},
  author={Loshchilov, Ilya and Hutter, Frank},
  journal={International Conference on Learning Representations},
  year={2017}

}
% ===M===
% ===N===
@article{nash2021generating,
  title={Generating images with sparse representations},
  author={Nash, Charlie and Menick, Jacob and Dieleman, Sander and Battaglia, Peter W},
  journal={International Conference on Machine Learning},
  year={2021}
}

@article{nichol2021improved,
  title={Improved denoising diffusion probabilistic models},
  author={Nichol, Alexander Quinn and Dhariwal, Prafulla},
  journal={International Conference on Machine Learning},
  year={2021},
  organization={PMLR}
}
% ===Q===
% ===P===
% ===R===

% ===S===
@article{sajjadi2018assessing,
title={Assessing generative models via precision and recall},
author={Sajjadi, Mehdi SM and Bachem, Olivier and Lucic, Mario and Bousquet, Olivier and Gelly, Sylvain},
journal={Advances in neural information processing systems},
year={2018}
}

@article{salimans2016improved,
  title={Improved techniques for training gans},
  author={Salimans, Tim and Goodfellow, Ian and Zaremba, Wojciech and Cheung, Vicki and Radford, Alec and Chen, Xi},
  journal={Advances in neural information processing systems},
  year={2016}
}

@article{salimans2022progressive,
  title={Progressive Distillation for Fast Sampling of Diffusion Models},
  author={Salimans, Tim and Ho, Jonathan},
  journal={International Conference on Learning Representations},
  year={2022}
}

@article{sohl2015deep,
  title={Deep unsupervised learning using nonequilibrium thermodynamics},
  author={Sohl-Dickstein, Jascha and Weiss, Eric and Maheswaranathan, Niru and Ganguli, Surya},
  journal={International Conference on Machine Learning},
  year={2015},
  organization={PMLR}
}

@article{song2019generative,
  title={Generative modeling by estimating gradients of the data distribution},
  author={Song, Yang and Ermon, Stefano},
  journal={Advances in Neural Information Processing Systems},
  year={2019}
}

@article{song2020score,
  title={Score-Based Generative Modeling through Stochastic Differential Equations},
  author={Song, Yang and Sohl-Dickstein, Jascha and Kingma, Diederik P and Kumar, Abhishek and Ermon, Stefano and Poole, Ben},
  journal={International Conference on Learning Representations},
  year={2020}
}

@article{song2020denoising,
  title={Denoising Diffusion Implicit Models},
  author={Song, Jiaming and Meng, Chenlin and Ermon, Stefano},
  journal={International Conference on Learning Representations},
  year={2020}
}
% ===T===
@book{tomczak2022deep,
  title={Deep Generative Modeling},
  author={Tomczak, Jakub M.},
  year={2022},
  publisher={Springer Cham}
}

@article{tzen2019neural,
  title={Neural stochastic differential equations: Deep latent gaussian models in the diffusion limit},
  author={Tzen, Belinda and Raginsky, Maxim},
  journal={arXiv preprint arXiv:1905.09883},
  year={2019}
}
% ===U===
% ===V===
@article{vahdat2021score,
  title={Score-based generative modeling in latent space},
  author={Vahdat, Arash and Kreis, Karsten and Kautz, Jan},
  journal={Advances in Neural Information Processing Systems},
  year={2021}
}

@article{vincent2008extracting,
  title={Extracting and composing robust features with denoising autoencoders},
  author={Vincent, Pascal and Larochelle, Hugo and Bengio, Yoshua and Manzagol, Pierre-Antoine},
  journal={International Conference on Machine Learning},
  year={2008}
}

% ===W===
@article{wehenkel2021diffusion,
  title={Diffusion Priors In Variational Autoencoders},
  author={Wehenkel, Antoine and Louppe, Gilles},
  journal={International Conference on Learning Representations. Workshop on Invertible Neural Networks, Normalizing Flows, and Explicit Likelihood Models},
  year={2021}
}

% ===X===
% ===Y===
% ===Z===
@article{zhang2022fast,
  title={Fast Sampling of Diffusion Models with Exponential Integrator},
  author={Zhang, Qinsheng and Chen, Yongxin},
  journal={arXiv preprint arXiv:2204.13902},
  year={2022}
}

@article{deja2022analyzing,
	title={On analyzing generative and denoising capabilities of diffusion-based deep generative models},
	author={Deja, Kamil and Kuzina, Anna and Trzcinski, Tomasz and Tomczak, Jakub},
	journal={Advances in Neural Information Processing Systems},
	year={2022}
}

%%%%%%%%%%%%% DAED: end %%%%%%%%%%%%%%%%%%%%%%%%%%%



%%%%%%%%%%%%%%% DVP  %%%%%%%%%%%%%%%
@article{kuzina2024hierarchical,
  title={Hierarchical VAE with a Diffusion-based VampPrior},
  author={Kuzina, Anna and Tomczak, Jakub M},
  journal={Transactions on Machine Learning Research},
  year={2024}
}

@article{meng2023distillation,
  title={On distillation of guided diffusion models},
  author={Meng, Chenlin and Rombach, Robin and Gao, Ruiqi and Kingma, Diederik and Ermon, Stefano and Ho, Jonathan and Salimans, Tim},
  journal={Conference on Computer Vision and Pattern Recognition},
  year={2023}
}


@article{geng2024one,
  title={One-step diffusion distillation via deep equilibrium models},
  author={Geng, Zhengyang and Pokle, Ashwini and Kolter, J Zico},
  journal={Advances in Neural Information Processing Systems},
  year={2024}
}

@article{nalisnick2016approximate,
  title={Approximate inference for deep latent gaussian mixtures},
  author={Nalisnick, Eric and Hertel, Lars and Smyth, Padhraic},
  journal={Advances in Neural Information Processing Systems. Workshop on Bayesian Deep Learning},
  year={2016}
}


@article{tran2022cauchy,
  title={Cauchy--Schwarz Regularized Autoencoder},
  author={Tran, Linh and Pantic, Maja and Deisenroth, Marc Peter},
  journal={Journal of Machine Learning Research},
  volume={23},
  number={115},
  pages={1--37},
  year={2022}
}

@article{bozkurt2019rate,
  title={Rate-regularization and generalization in VAEs},
  author={Bozkurt, Alican and Esmaeili, Babak and Tristan, Jean-Baptiste and Brooks, Dana H and Dy, Jennifer G and van de Meent, Jan-Willem},
  journal={International Conference on Artificial Intelligence and Statistics},
  year={2021}
}

@article{bauer2019resampled,
  title={Resampled priors for variational autoencoders},
  author={Bauer, Matthias and Mnih, Andriy},
  journal={International Conference on Artificial Intelligence and Statistics},
  year={2019},
}

@article{ranganath2016hierarchical,
  title={Hierarchical variational models},
  author={Ranganath, Rajesh and Tran, Dustin and Blei, David},
  journal={International Conference on Machine Learning},
  year={2016},
  organization={PMLR}
}

@article{maaloe2016auxiliary,
  title={Auxiliary deep generative models},
  author={Maal{\o}e, Lars and S{\o}nderby, Casper Kaae and S{\o}nderby, S{\o}ren Kaae and Winther, Ole},
  journal={International Conference on Machine Learning},
  year={2016},
  organization={PMLR}
}

@article{bartosh2023neural,
  title={Neural Diffusion Models},
  author={Bartosh, Grigory and Vetrov, Dmitry and Naesseth, Christian A},
journal={International Conference on Machine Learning},
  year={2024}
}

@article{nielsendiffenc,
  title={DiffEnc: Variational Diffusion with a Learned Encoder},
  author={Nielsen, Beatrix Miranda Ginn and Christensen, Anders and Dittadi, Andrea and Winther, Ole},
  journal={International Conference on Learning Representations},
  year={2024},
}


@article{kingma2015adam,
  title={Adam: A method for stochastic gradient descent},
  author={Kingma, Diederik P and Ba, Jimmy Lei},
  journal={International Conference on Learning Representations},
  year={2015},
}

@article{hazami2022efficientvdvae,
  title={Efficient vdvae: Less is more},
  author={Hazami, Louay and Mama, Rayhane and Thurairatnam, Ragavan},
  journal={arXiv preprint arXiv:2203.13751},
  year={2022}
}

@article{khemakhem2020variational,
  title={Variational autoencoders and nonlinear ica: A unifying framework},
  author={Khemakhem, Ilyes and Kingma, Diederik and Monti, Ricardo and Hyvarinen, Aapo},
  journal={International Conference on Artificial Intelligence and Statistics},
  year={2020},
  organization={PMLR}
}

@article{hoogeboom2022equivariant,
  title={Equivariant diffusion for molecule generation in 3d},
  author={Hoogeboom, Emiel and Satorras, V{\i}ctor Garcia and Vignac, Cl{\'e}ment and Welling, Max},
  journal={International Conference on Machine Learning},
  year={2022},
  organization={PMLR}
}

@incollection{Bengio+chapter2007,
author = {Bengio, Yoshua and LeCun, Yann},
booktitle = {Large Scale Kernel Machines},
publisher = {MIT Press},
title = {Scaling Learning Algorithms Towards {AI}},
year = {2007}
}

@article{Hinton06,
author = {Hinton, Geoffrey E. and Osindero, Simon and Teh, Yee Whye},
journal = {Neural Computation},
pages = {1527--1554},
title = {A Fast Learning Algorithm for Deep Belief Nets},
volume = {18},
year = {2006}
}

@book{goodfellow2016deep,
title={Deep learning},
author={Goodfellow, Ian and Bengio, Yoshua and Courville, Aaron and Bengio, Yoshua},
volume={1},
year={2016},
publisher={MIT Press}
}

@article{prost4199295diverse,
  title={Diverse Super-Resolution with Pretrained Hierarchical Variational Autoencoders},
  author={Prost, Jean and Houdard, Antoine and Almansa, Andr{\'e}s and Papadakis, Nicolas},
  journal={SSRN}
}




@article{wang2021posterior,
  title={Posterior collapse and latent variable non-identifiability},
  author={Wang, Yixin and Blei, David and Cunningham, John P},
  journal={Advances in Neural Information Processing Systems},
  year={2021}
}

@article{menon2022forget,
  title={Forget-me-not! Contrastive critics for mitigating posterior collapse},
  author={Menon, Sachit and Blei, David and Vondrick, Carl},
  journal={Conference on Uncertainty in Artificial Intelligence},
  year={2022}
}


@article{lucas2019understanding,
  title={Understanding posterior collapse in generative latent variable models},
  author={Lucas, James and Tucker, George and Grosse, Roger and Norouzi, Mohammad},
  journal={International Conference on Learning Representations. Workshop on Deep Generative Models for Highly Structured Data},
  year={2019}
}


@article{alias2017z,
  title={Z-forcing: Training stochastic recurrent networks},
  author={Goyal, Anirudh and Sordoni, Alessandro and C{\^o}t{\'e}, Marc-Alexandre and Ke, Nan Rosemary and Bengio, Yoshua},
  journal={Advances in Neural Information Processing Systems},
  year={2017}
}

@article{raue2009structural,
  title={Structural and practical identifiability analysis of partially observed dynamical models by exploiting the profile likelihood},
  author={Raue, Andreas and Kreutz, Clemens and Maiwald, Thomas and Bachmann, Julie and Schilling, Marcel and Klingm{\"u}ller, Ursula and Timmer, Jens},
  journal={Bioinformatics},
  volume={25},
  number={15},
  pages={1923--1929},
  year={2009},
  publisher={Oxford University Press}
}


@article{Arvanitidis2018-ka,
  title           = "Latent Space Oddity: on the Curvature of Deep Generative
                     Models",
  author          = "Arvanitidis, Georgios and Hansen, Lars Kai and Hauberg,
                     S{\o}ren",
  year            =  2018,
  journal      = "International Conference on Learning Representations"
}


@article{ahmed1974discrete,
  title={Discrete cosine transform},
  author={Ahmed, Nasir and Natarajan, T and Rao, Kamisetty R},
  journal={IEEE Transactions on Computers},
  volume={100},
  number={1},
  pages={90--93},
  year={1974},
  publisher={IEEE}
}

@book{pennebaker1992jpeg,
  title={{JPEG: Still image data compression standard}},
  author={Pennebaker, William B and Mitchell, Joan L},
  year={1992},
  publisher={Springer Science \& Business Media}
}

@article{chen2016variational,
  title={Variational lossy autoencoder},
  author={Chen, Xi and Kingma, Diederik P and Salimans, Tim and Duan, Yan and Dhariwal, Prafulla and Schulman, John and Sutskever, Ilya and Abbeel, Pieter},
  journal={International Conference on Learning Representations},
  year={2017}
}

@article{sinha2021consistency,
  title={Consistency regularization for variational auto-encoders},
  author={Sinha, Samarth and Dieng, Adji Bousso},
  journal={Advances in Neural Information Processing Systems},
  year={2021}
}

@article{apostolopoulou2021deep,
  title={Deep Attentive Variational Inference},
  author={Apostolopoulou, Ifigeneia and Char, Ian and Rosenfeld, Elan and Dubrawski, Artur},
  journal={International Conference on Learning Representations},
  year={2022}
}

@article{vahdat2020nvae,
  title={NVAE: A deep hierarchical variational autoencoder},
  author={Vahdat, Arash and Kautz, Jan},
  journal={Advances in Neural Information Processing Systems},
  year={2020}
}



@article{klushyn2019learning,
  title={Learning hierarchical priors in vaes},
  author={Klushyn, Alexej and Chen, Nutan and Kurle, Richard and Cseke, Botond and van der Smagt, Patrick},
  journal={Advances in neural information processing systems},
  volume={32},
  year={2019}
}

@article{maaloe2019biva,
  title={Biva: A very deep hierarchy of latent variables for generative modeling},
  author={Maal{\o}e, Lars and Fraccaro, Marco and Li{\'e}vin, Valentin and Winther, Ole},
  journal={Advances in Neural Information Processing Systems},
  year={2019}
}

@article{jiang2016variational,
  title={Variational deep embedding: An unsupervised and generative approach to clustering},
  author={Jiang, Zhuxi and Zheng, Yin and Tan, Huachun and Tang, Bangsheng and Zhou, Hanning},
  journal={International Joint Conference on Artificial Intelligence},
  year={2017}
}

@article{kingma2016improved,
  title={Improved variational inference with inverse autoregressive flow},
  author={Kingma, Durk P and Salimans, Tim and Jozefowicz, Rafal and Chen, Xi and Sutskever, Ilya and Welling, Max},
  journal={Advances in Neural Information Processing Systems},
  year={2016}
}

@article{gulrajani2016pixelvae,
  title={Pixelvae: A latent variable model for natural images},
  author={Gulrajani, Ishaan and Kumar, Kundan and Ahmed, Faruk and Taiga, Adrien Ali and Visin, Francesco and Vazquez, David and Courville, Aaron},
  journal={International Conference on Learning Representations},
  year={2017}
}

@article{sadeghi2019pixelvae++,
  title={Pixelvae++: Improved pixelvae with discrete prior},
  author={Sadeghi, Hossein and Andriyash, Evgeny and Vinci, Walter and Buffoni, Lorenzo and Amin, Mohammad H},
  journal={arXiv},
  year={2019}
}

@article{child2019generating,
  title={Generating long sequences with sparse transformers},
  author={Child, Rewon and Gray, Scott and Radford, Alec and Sutskever, Ilya},
  journal={arXiv},
  year={2019}
}

@article{nalisnick2018deep,
  title={Do Deep Generative Models Know What They Don't Know?},
  author={Nalisnick, Eric and Matsukawa, Akihiro and Teh, Yee Whye and Gorur, Dilan and Lakshminarayanan, Balaji},
  journal={International Conference on Learning Representations},
 year={2019}
}

@article{wiggers2020predictive,
  title={Predictive sampling with forecasting autoregressive models},
  author={Wiggers, Auke and Hoogeboom, Emiel},
  journal={International Conference on Machine Learning},
  year={2020},
}

@article{bowman2015generating,
  title={Generating Sentences from a Continuous Space},
  author={Bowman, Samuel and Vilnis, Luke and Vinyals, Oriol and Dai, Andrew and Jozefowicz, Rafal and Bengio, Samy},
  journal={SIGNLL},
  year={2016}
}


@article{lecun1998mnist,
  title={The MNIST database of handwritten digits},
  author={LeCun, Yann},
  journal={http://yann. lecun. com/exdb/mnist/},
  year={1998}
}


@article{gomez2018automatic,
  title={Automatic chemical design using a data-driven continuous representation of molecules},
  author={G{\'o}mez-Bombarelli, Rafael and Wei, Jennifer N and Duvenaud, David and Hern{\'a}ndez-Lobato, Jos{\'e} Miguel and S{\'a}nchez-Lengeling, Benjam{\'\i}n and Sheberla, Dennis and Aguilera-Iparraguirre, Jorge and Hirzel, Timothy D and Adams, Ryan P and Aspuru-Guzik, Al{\'a}n},
  journal={ACS central science},
  year={2018},
  publisher={ACS Publications}
}

@article{maaloe2017semi,
  title={Semi-supervised generation with cluster-aware generative models},
  author={Maal{\o}e, Lars and Fraccaro, Marco and Winther, Ole},
  journal={arXiv},
  year={2017}
}

@article{perugachi2021invertible,
  title={Invertible densenets with concatenated lipswish},
  author={Perugachi-Diaz, Yura and Tomczak, Jakub and Bhulai, Sandjai},
  journal={NeurIPS},
  year={2021}
}

@article{dieng2019avoiding,
  title={Avoiding latent variable collapse with generative skip models},
  author={Dieng, Adji B and Kim, Yoon and Rush, Alexander M and Blei, David M},
  journal={Conference on Artificial Intelligence and Statistics},
  year={2019}
}

@article{he2019lagging,
  title={Lagging Inference Networks and Posterior Collapse in Variational Autoencoders},
  author={He, Junxian and Spokoyny, Daniel and Neubig, Graham and Berg-Kirkpatrick, Taylor},
  journal={International Conference on Learning Representations},
 year={2019}
}

@article{razavi2019preventing,
  title={Preventing Posterior Collapse with delta-VAEs},
  author={Razavi, Ali and van den Oord, Aaron and Poole, Ben and Vinyals, Oriol},
  journal={International Conference on Learning Representations},
  year={2019}
}

@article{havrylov2020preventing,
  title={Preventing posterior collapse with levenshtein variational autoencoder},
  author={Havrylov, Serhii and Titov, Ivan},
  journal={arXiv},
  year={2020}
}

@article{lake2015human,
  title={Human-level concept learning through probabilistic program induction},
  author={Lake, Brenden M and Salakhutdinov, Ruslan and Tenenbaum, Joshua B},
  journal={Science},
  volume={350},
  number={6266},
  pages={1332--1338},
  year={2015},
  publisher={American Association for the Advancement of Science}
}

@article{alemi2018fixing,
  title={Fixing a broken ELBO},
  author={Alemi, Alexander and Poole, Ben and Fischer, Ian and Dillon, Joshua and Saurous, Rif A and Murphy, Kevin},
  journal={International Conference on Machine Learning},
  year={2018},
}

@article{fu2019cyclical,
  title={Cyclical annealing schedule: A simple approach to mitigating kl vanishing},
  author={Fu, Hao and Li, Chunyuan and Liu, Xiaodong and Gao, Jianfeng and Celikyilmaz, Asli and Carin, Lawrence},
  journal={arXiv},
  year={2019}
}


@book{kn:Golub89,
    author = "Golub, G.H. and {Van Loan}, C.F.",
    title = "Matrix Computations",
    edition = "2nd",
    publisher = "Johns Hopkins University Press",
    address = "Baltimore",
    year = "1989",
    kwds = "la"
}

@book{kn:deCarlini91,
    author = "{de Carlini}, U. and Villano, U.",
    title = "Transputers and parallel architectures -- message-passing
              distributed systems",
    publisher = "Ellis Horwood",
    address = "Chichester",
    year = "1991",
    kwds = "par, arch, trans"
}

@book{kn:Modi88,
    author = "Modi, J.J.",
    title = "Parallel Algorithms and Matrix Computation",
    publisher = "Oxford University Press",
    address = "Oxford",
    year = "1988",
    kwds = "par, la"
}

@book{kn:Smith85,
    author = "Smith, G.D.",
    title = "Numerical Solution of Partial Differential Equations:
              Finite Difference Methods",
    edition = "3rd",
    publisher = "Oxford University Press",
    address = "Oxford",
    year = "1985",
    kwds = "pde"
}

@book{kn:Schofield89,
    author = "Schofield, C.F.",
    title = "Optimising {FORTRAN} programs",
    publisher = "Ellis Horwood Publishing",
    address = "Chichester",
    year = "1989",
    kwds = "lang, for"
}

@inbook{kn:daCunha92a,
    author = "{da Cunha}, R.D. and Hopkins, T.R.",
    title = "The Parallel Solution of Systems of Linear Equations using
              Iterative Methods on Transputer Networks",
    series = "Transputing for Numerical and Neural Network Applications",
    pages = "1-13",
    publisher = "IOS Press",
    address = "Amsterdam",
    year = "1992",
    note = "Also as Report No. 16/92, Computing Laboratory, University of Kent at Canterbury, U.K.",
    kwds = "par, iter"
}

@inbook{kn:daCunha92b,
    author = "{da Cunha}, R.D. and Hopkins, T.R.",
    title = "The Parallel Solution of Partial Differential Equations
              on Transputer Networks",
    series = "Transputing for Numerical and Neural Network Applications",
    pages = "96-109",
    publisher = "IOS Press",
    address = "Amsterdam",
    year = "1992",
    note = "Also as Report No. 17/92, Computing Laboratory, University of Kent at Canterbury, U.K.",
    kwds = "par, pde"
}

@misc{kn:Atkin,
    author = "Atkin, P.",
    title = "Performance Maximisation",
    howpublished = "INMOS Technical Note 17",
    kwds = "perf, trans, loop"
}

@article{kn:Saad85,
    author = "Saad, Y.",
    title = "Practical use of polynomial preconditionings for the
              {Conjugate Gradient} method",
    journal = "SIAM Journal of Scientific and Statistical Computing",
    volume = "6",
    pages = "865-881",
    year = "1985",
    kwds = "cg, precon, poly"
}

@article{kn:Eisenstat81,
    author = "Eisenstat, S.C.",
    title = "Efficient implementation of a class of preconditioned 
              {Conjugate Gradient} methods",
    journal = "SIAM Journal of Scientific and Statistical Computing",
    volume = "2",
    pages = "1-4",
    year = "1981"
}

@article{kn:Adams85,
    author = "Adams, L.",
    title = "{m-Step} preconditioned {Gradient} methods",
    journal = "SIAM Journal of Scientific and Statistical Computing",
    volume = "6",
    pages = "452-463",
    year = "1985"
}

@article{kn:Johnson83,
    author = "Johnson, O.G. and Micchelli, C.A. and Paul, G.",
    title = "Polynomial preconditioners for {Conjugate Gradient} 
              calculations",
    journal = "SIAM Journal of Numerical Analysis",
    volume = "20",
    pages = "362-376",
    year = "1983",
}


@article{pervez21a,
  title = 	 {Spectral Smoothing Unveils Phase Transitions in Hierarchical Variational Autoencoders},
  author =       {Pervez, Adeel and Gavves, Efstratios},
  journal = 	 {International Conference on Machine Learning},
  year = 	 {2021}
}

%%%%%%%%%%%%%%% DVP: end  %%%%%%%%%%%%%%%

%%%%%%%%%%%%%%%%%%% INTRODUCTION %%%%%%%%%%%%%%%%%%%%%%%
@article{mattei2018leveraging,
  title={Leveraging the exact likelihood of deep latent variable models},
  author={Mattei, Pierre-Alexandre and Frellsen, Jes},
  journal={Advances in Neural Information Processing Systems},
  year={2018}
}

@article{mattei2019miwae,
  title={MIWAE: Deep generative modelling and imputation of incomplete data sets},
  author={Mattei, Pierre-Alexandre and Frellsen, Jes},
  journal={International Conference on Machine Learning},
  year={2019},
  organization={PMLR}
}

@article{havtorn2021hierarchical,
  title={Hierarchical vaes know what they don’t know},
  author={Havtorn, Jakob D and Frellsen, Jes and Hauberg, S{\o}ren and Maal{\o}e, Lars},
  journal={International Conference on Machine Learning},
  year={2021},
  organization={PMLR}
}

@inproceedings{he2016deep,
  title={Deep residual learning for image recognition},
  author={He, Kaiming and Zhang, Xiangyu and Ren, Shaoqing and Sun, Jian},
  booktitle={Proceedings of the IEEE conference on computer vision and pattern recognition},
  pages={770--778},
  year={2016}
}

@article{krizhevsky2012imagenet,
  title={Imagenet classification with deep convolutional neural networks},
  author={Krizhevsky, Alex and Sutskever, Ilya and Hinton, Geoffrey E},
  journal={Advances in neural information processing systems},
  volume={25},
  year={2012}
}

@article{manduchi2024challenges,
  title={On the challenges and opportunities in generative ai},
  author={Manduchi, Laura and Pandey, Kushagra and Bamler, Robert and Cotterell, Ryan and D{\"a}ubener, Sina and Fellenz, Sophie and Fischer, Asja and G{\"a}rtner, Thomas and Kirchler, Matthias and Kloft, Marius and others},
  journal={arXiv preprint arXiv:2403.00025},
  year={2024}
}

@article{xu2007word,
  title={Word learning as Bayesian inference.},
  author={Xu, Fei and Tenenbaum, Joshua B},
  journal={Psychological review},
  volume={114},
  number={2},
  pages={245},
  year={2007},
  publisher={American Psychological Association}
}

@article{brown2020language,
  title={Language models are few-shot learners},
  author={Brown, Tom and Mann, Benjamin and Ryder, Nick and Subbiah, Melanie and Kaplan, Jared D and Dhariwal, Prafulla and Neelakantan, Arvind and Shyam, Pranav and Sastry, Girish and Askell, Amanda and others},
  journal={Advances in Neural Information Processing Systems},
  year={2020}
}

@article{chowdhery2023palm,
  title={Palm: Scaling language modeling with pathways},
  author={Chowdhery, Aakanksha and Narang, Sharan and Devlin, Jacob and Bosma, Maarten and Mishra, Gaurav and Roberts, Adam and Barham, Paul and Chung, Hyung Won and Sutton, Charles and Gehrmann, Sebastian and others},
  journal={Journal of Machine Learning Research},
  year={2023}
}

@article{achiam2023gpt,
  title={Gpt-4 technical report},
  author={Achiam, Josh and Adler, Steven and Agarwal, Sandhini and Ahmad, Lama and Akkaya, Ilge and Aleman, Florencia Leoni and Almeida, Diogo and Altenschmidt, Janko and Altman, Sam and Anadkat, Shyamal and others},
  journal={arXiv preprint arXiv:2303.08774},
  year={2023}
}

@article{ho2022video,
  title={Video diffusion models},
  author={Ho, Jonathan and Salimans, Tim and Gritsenko, Alexey and Chan, William and Norouzi, Mohammad and Fleet, David J},
  journal={Advances in Neural Information Processing Systems},
  volume={35},
  pages={8633--8646},
  year={2022}
}

@article{graves2013generating,
  title={Generating sequences with recurrent neural networks},
  author={Graves, Alex},
  journal={arXiv preprint arXiv:1308.0850},
  year={2013}
}

@article{vaswani2017attention,
  title={Attention is all you need},
  author={Vaswani, A},
  journal={Advances in Neural Information Processing Systems},
  year={2017}
}

@article{kadavath2022language,
  title={Language models (mostly) know what they know},
  author={Kadavath, Saurav and Conerly, Tom and Askell, Amanda and Henighan, Tom and Drain, Dawn and Perez, Ethan and Schiefer, Nicholas and Hatfield-Dodds, Zac and DasSarma, Nova and Tran-Johnson, Eli and others},
  journal={arXiv preprint arXiv:2207.05221},
  year={2022}
}

@article{papamakarios2021normalizing,
  title={Normalizing flows for probabilistic modeling and inference},
  author={Papamakarios, George and Nalisnick, Eric and Rezende, Danilo Jimenez and Mohamed, Shakir and Lakshminarayanan, Balaji},
  journal={Journal of Machine Learning Research},
  volume={22},
  number={57},
  pages={1--64},
  year={2021}
}

@article{ronneberger2015u,
  title={U-net: Convolutional networks for biomedical image segmentation},
  author={Ronneberger, Olaf and Fischer, Philipp and Brox, Thomas},
  journal={Medical Image Computing and Computer-Assisted Intervention},
  year={2015},
  organization={Springer}
}

@article{hyvarinen2005estimation,
  title={Estimation of non-normalized statistical models by score matching.},
  author={Hyv{\"a}rinen, Aapo and Dayan, Peter},
  journal={Journal of Machine Learning Research},
  volume={6},
  number={4},
  year={2005}
}

@article{lyu2009interpretation,
  title={Interpretation and generalization of score matching},
  author={Lyu, Siwei},
  journal={Uncertainty in Artificial Intelligence},
  year={2009}
}

@article{hinton2002training,
  title={Training products of experts by minimizing contrastive divergence},
  author={Hinton, Geoffrey E},
  journal={Neural computation},
  volume={14},
  number={8},
  pages={1771--1800},
  year={2002},
  publisher={MIT Press}
}

@article{neal1993probabilistic,
  title={Probabilistic inference using Markov chain Monte Carlo methods},
  author={Neal, Radford M},
  year={1993},
  publisher={Department of Computer Science, University of Toronto Toronto, ON, Canada}
}

@incollection{neal1998view,
  title={A view of the EM algorithm that justifies incremental, sparse, and other variants},
  author={Neal, Radford M and Hinton, Geoffrey E},
  booktitle={Learning in graphical models},
  pages={355--368},
  year={1998},
  publisher={Springer}
}

@article{hoffman2013stochastic,
  title={Stochastic variational inference},
  author={Hoffman, Matthew D and Blei, David M and Wang, Chong and Paisley, John},
  journal={Journal of Machine Learning Research},
  year={2013}
}

@inproceedings{titsias2014doubly,
  title={Doubly stochastic variational Bayes for non-conjugate inference},
  author={Titsias, Michalis and L{\'a}zaro-Gredilla, Miguel},
  booktitle={International Conference on Machine Learning},
  year={2014},
  organization={PMLR}
}

@article{rumelhart1986learning,
  title={Learning representations by back-propagating errors},
  author={Rumelhart, David E and Hinton, Geoffrey E and Williams, Ronald J},
  journal={Nature},
  volume={323},
  number={6088},
  pages={533--536},
  year={1986},
  publisher={Nature Publishing Group UK London}
}

@article{dempster1977maximum,
  title={Maximum likelihood from incomplete data via the EM algorithm},
  author={Dempster, Arthur P and Laird, Nan M and Rubin, Donald B},
  journal={Journal of the royal statistical society: series B (methodological)},
  volume={39},
  number={1},
  pages={1--22},
  year={1977},
  publisher={Wiley Online Library}
}

@article{robbins1951stochastic,
  title={A stochastic approximation method},
  author={Robbins, Herbert and Monro, Sutton},
  journal={The annals of mathematical statistics},
  pages={400--407},
  year={1951},
  publisher={JSTOR}
}

@article{williams1992simple,
  title={Simple statistical gradient-following algorithms for connectionist reinforcement learning},
  author={Williams, Ronald J},
  journal={Machine learning},
  volume={8},
  pages={229--256},
  year={1992},
  publisher={Springer}
}

@article{wang2019comment,
  title={Comment: Variational autoencoders as empirical bayes},
  author={Wang, Yixin and Miller, Andrew C and Blei, David M},
  year={2019},
  publisher={JSTOR},
  journal={Statistical Science},
}
